<collection xmlns="http://www.loc.gov/MARC21/slim">
<record>
  <leader>01816nam0a2200265 i 450 </leader>
  <controlfield tag="001">IT\ICCU\CNCE\070982</controlfield>
  <controlfield tag="005">20180705000000.0</controlfield>
  <datafield tag="012" ind1=" " ind2=" ">
    <subfield code="a">e.e. b.b. umm. mece (3) 1590 (A)</subfield>
    <subfield code="2">fei</subfield>
  </datafield>
  <datafield tag="100" ind1=" " ind2=" ">
    <subfield code="a">20070608d1590        0itac0103    ba</subfield>
  </datafield>
  <datafield tag="101" ind1=" " ind2=" ">
    <subfield code="a">ITA</subfield>
  </datafield>
  <datafield tag="102" ind1=" " ind2=" ">
    <subfield code="a">IT</subfield>
  </datafield>
  <datafield tag="200" ind1="1" ind2=" ">
    <subfield code="a">Letanie della vita, et passione del nostro sig. Giesu Christo. Aggiuntoui le litanie della beatissima vergine Maria cauate dalla Scrittura, et disposte secondo l&apos;ordine della sua santissima vita. Di nuouo composte, &amp; stampate con altre orationi deuote. Ad istanza della Congregatione della Immaculata concettione della beatissima vergine Maria, che sta nel Collegio della Compagnia di Giesu, di Napoli</subfield>
  </datafield>
  <datafield tag="210" ind1=" " ind2=" ">
    <subfield code="a">Neapoli</subfield>
    <subfield code="c">apud Horatium Saluianum</subfield>
    <subfield code="d">1590</subfield>
  </datafield>
  <datafield tag="215" ind1=" " ind2=" ">
    <subfield code="a">93, \3! p.</subfield>
    <subfield code="c">ill.</subfield>
    <subfield code="d">12ʻ</subfield>
  </datafield>
  <datafield tag="620" ind1=" " ind2=" ">
    <subfield code="a">IT</subfield>
    <subfield code="d">Napoli</subfield>
  </datafield>
  <datafield tag="712" ind1="0" ind2="2">
    <subfield code="a">Congregazione dell&apos;Annunciazione della Beata Vergine</subfield>
    <subfield code="3">IT\ICCU\CNCT\004298</subfield>
  </datafield>
  <datafield tag="712" ind1="0" ind2="0">
    <subfield code="a">Salviani, Orazio</subfield>
    <subfield code="3">IT\ICCU\CNCT\000065</subfield>
    <subfield code="4">650</subfield>
  </datafield>
  <datafield tag="791" ind1="0" ind2="2">
    <subfield code="a">Congregatio Beatae Virginis</subfield>
    <subfield code="3">IT\ICCU\CNCT\004299</subfield>
    <subfield code="z">Congregazione dell&apos;Annunciazione della Beata Vergine</subfield>
  </datafield>
  <datafield tag="791" ind1="0" ind2="2">
    <subfield code="a">Congregatio Primaria in ecclesia Annuntiatae Collegij Romani Societatis Iesu</subfield>
    <subfield code="3">IT\ICCU\CNCT\004328</subfield>
    <subfield code="z">Congregazione dell&apos;Annunciazione della Beata Vergine</subfield>
  </datafield>
  <datafield tag="791" ind1="0" ind2="2">
    <subfield code="a">Congregatione della Nativit ̉della Madonna Santissima della Compagnia di Ges ̮di Napoli</subfield>
    <subfield code="3">IT\ICCU\CNCT\004329</subfield>
    <subfield code="z">Congregazione dell&apos;Annunciazione della Beata Vergine</subfield>
  </datafield>
  <datafield tag="791" ind1="0" ind2="2">
    <subfield code="a">Congregatio Nativitatis Beatissimae Virginis Mariae Societatis Iesu Neapoli</subfield>
    <subfield code="3">IT\ICCU\CNCT\004330</subfield>
    <subfield code="z">Congregazione dell&apos;Annunciazione della Beata Vergine</subfield>
  </datafield>
  <datafield tag="791" ind1="0" ind2="2">
    <subfield code="a">Officina Salviana</subfield>
    <subfield code="c"> &lt;Napoli&gt;</subfield>
    <subfield code="3">IT\ICCU\CNCT\003024</subfield>
    <subfield code="z">Salviani, Orazio</subfield>
  </datafield>
  <datafield tag="791" ind1="0" ind2="0">
    <subfield code="a">Salvianus, Horatius</subfield>
    <subfield code="3">IT\ICCU\CNCT\005547</subfield>
    <subfield code="z">Salviani, Orazio</subfield>
  </datafield>
  <datafield tag="801" ind1=" " ind2="3">
    <subfield code="a">IT</subfield>
    <subfield code="b">ICCU</subfield>
    <subfield code="c">20201115</subfield>
  </datafield>
  <datafield tag="899" ind1=" " ind2=" ">
    <subfield code="a">Biblioteca comunale Augusta. Perugia</subfield>
    <subfield code="1">PG0109</subfield>
    <subfield code="2">UM1 01</subfield>
  </datafield>
</record>
</collection>
